<?xml version="1.0" encoding="UTF-8"?><collection xmlns="http://www.loc.gov/MARC21/slim"><record><leader>00608nam--2200205-i-4500</leader><controlfield tag="001">000043799</controlfield><controlfield tag="002">20161230</controlfield><controlfield tag="005">20161230201044</controlfield><controlfield tag="008">060222s1000------------r-----000-0-eng-d</controlfield><datafield ind1=" " ind2=" " tag="020"><subfield code="a">0198564082</subfield></datafield><datafield ind1=" " ind2=" " tag="040"><subfield code="a">IFIN-HH</subfield></datafield><datafield ind1=" " ind2=" " tag="080"><subfield code="a">535.82:525.37(06)</subfield></datafield><datafield ind1="1" ind2=" " tag="100"><subfield code="a">Ploem, J.S</subfield></datafield><datafield ind1="1" ind2="0" tag="245"><subfield code="a">Introduction to fluorescence microscopy</subfield><subfield code="b">Microscopy handbooks 10</subfield><subfield code="c">J.s. ploem, h.s. tauke</subfield></datafield><datafield ind1=" " ind2=" " tag="260"><subfield code="a">Oxford</subfield><subfield code="b">Oxford University Press</subfield><subfield code="c">1987</subfield></datafield><datafield ind1=" " ind2=" " tag="300"><subfield code="a">56P</subfield></datafield><datafield ind1=" " ind2=" " tag="490"><subfield code="a">Royal Microsccopical Society Microscopy Handbooks 10</subfield></datafield><datafield ind1="1" ind2=" " tag="700"><subfield code="a">Tauke, H.S</subfield></datafield><datafield ind1=" " ind2=" " tag="852"><subfield code="a">81205</subfield><subfield code="c">537.533.35</subfield></datafield><datafield ind1=" " ind2=" " tag="CAT"><subfield code="a">Sys</subfield><subfield code="c">20110915</subfield><subfield code="h">130536</subfield></datafield></record></collection>